@ARTICLE{Wang_JSAC_2018, 
author={Y. Wang and T. Sun and G. Rao and D. Li}, 
journal={IEEE Journal on Selected Areas in Communications}, 
title={Formation Tracking in Sparse Airborne Networks}, 
year={2018}, 
volume={36}, 
number={9}, 
pages={2000-2014}, 
keywords={autonomous aerial vehicles;distance measurement;graph theory;Kalman filters;least squares approximations;matrix algebra;multi-robot systems;target tracking;telecommunication network topology;formation tracking accuracy;sparse UAV networks;noisy UAV networks;sparse airborne networks;unmanned air vehicles;geometric formation;critical problem;recent advantage;wireless ranging technologies;inter-UAV distance measurement;network topology;partially measured distance;formation tracking problem;UAV network;measurement noises;network sparsity;local structures;sparse networks;weighted component stitching method;global rigid components;vertex UAV networks;robust formation tracking;weighted component-based Kalman filter algorithm;Optical wavelength conversion;Distance measurement;Reliability;Drones;Heuristic algorithms;Noise measurement;Airborne networks;formation tracking;network localization;dynamic;3D;UAV swarm;rigidity;graph realization}, 
doi={10.1109/JSAC.2018.2864374}, 
ISSN={0733-8716}, 
month={Sep.},}